@article{tuntun83,
  author = {Ibad},
  title = {Winter and his Shenanigans},
  journal = {Winter Times},
  volume = {90},
  number = {1-2},
  pages = {281-300},
  year = {1997}
}

@article{Blum97,
  author = {A.L. Blum and M. Furst},
  title = {Fast planning through planning graph analysis},
  journal = {Artificial Intelligence},
  volume = {90},
  number = {1-2},
  pages = {281-300},
  year = {1997}
}

