@article{ibad2022,
  title={Ibad is all you need},
  author={Rather, Ibad},
  journal={Rather Patrika},
  volume={1},
  year={1993}
}

@article{dis_review,
  title={Video stabilization: Overview, challenges and perspectives},
  author={Guilluy, Wilko and Oudre, Laurent and Beghdadi, Azeddine},
  journal={Signal Processing: Image Communication},
  volume={90},
  pages={116015},
  year={2021},
  publisher={Elsevier}
}

@inproceedings{jia2012probabilistic,
  title={Probabilistic 3-D motion estimation for rolling shutter video rectification from visual and inertial measurements},
  author={Jia, Chao and Evans, Brian L},
  booktitle={2012 IEEE 14th International Workshop on Multimedia Signal Processing (MMSP)},
  pages={203--208},
  year={2012},
  organization={IEEE}
}

@INPROCEEDINGS{5995525,  author={Grundmann, Matthias and Kwatra, Vivek and Essa, Irfan},  booktitle={CVPR 2011},   title={Auto-directed video stabilization with robust L1 optimal camera paths},   year={2011},  volume={},  number={},  pages={225-232},  doi={10.1109/CVPR.2011.5995525}}

@techreport{woodman2007introduction,
  title={An introduction to inertial navigation},
  author={Woodman, Oliver J},
  year={2007},
  institution={University of Cambridge, Computer Laboratory}
}

@article{ahmad2013reviews,
  title={Reviews on various inertial measurement unit (IMU) sensor applications},
  author={Ahmad, Norhafizan and Ghazilla, Raja Ariffin Raja and Khairi, Nazirah M and Kasi, Vijayabaskar},
  journal={International Journal of Signal Processing Systems},
  volume={1},
  number={2},
  pages={256--262},
  year={2013}
}

@incollection{constant2021data,
  title={Data analytics for wearable IoT-based telemedicine},
  author={Constant, Nicholas and Cay, Gozde and Ravichandran, Vignesh and Diouf, Rassoul and Akbar, Umer and Mankodiya, Kunal},
  booktitle={Wearable Sensors},
  pages={357--378},
  year={2021},
  publisher={Elsevier}
}

@article{vaswani2017attention,
  title={Attention is all you need},
  author={Vaswani, Ashish and Shazeer, Noam and Parmar, Niki and Uszkoreit, Jakob and Jones, Llion and Gomez, Aidan N and Kaiser, {\L}ukasz and Polosukhin, Illia},
  journal={Advances in neural information processing systems},
  volume={30},
  year={2017}
}

@inproceedings{herath2020ronin,
  title={Ronin: Robust neural inertial navigation in the wild: Benchmark, evaluations, \& new methods},
  author={Herath, Sachini and Yan, Hang and Furukawa, Yasutaka},
  booktitle={2020 IEEE International Conference on Robotics and Automation (ICRA)},
  pages={3146--3152},
  year={2020},
  organization={IEEE}
}

@inproceedings{yan2018ridi,
  title={RIDI: Robust IMU double integration},
  author={Yan, Hang and Shan, Qi and Furukawa, Yasutaka},
  booktitle={Proceedings of the European Conference on Computer Vision (ECCV)},
  pages={621--636},
  year={2018}
}

@article{bijker2008kalman,
  title={Kalman filter configurations for a low-cost loosely integrated inertial navigation system on an airship},
  author={Bijker, Johan and Steyn, Willem},
  journal={Control Engineering Practice},
  volume={16},
  number={12},
  pages={1509--1518},
  year={2008},
  publisher={Elsevier}
}

@inproceedings{hol2009tightly,
  title={Tightly coupled UWB/IMU pose estimation},
  author={Hol, Jeroen D and Dijkstra, Fred and Luinge, Henk and Schon, Thomas B},
  booktitle={2009 IEEE international conference on ultra-wideband},
  pages={688--692},
  year={2009},
  organization={IEEE}
}

@article{o2015introduction,
  title={An introduction to convolutional neural networks},
  author={O'Shea, Keiron and Nash, Ryan},
  journal={arXiv preprint arXiv:1511.08458},
  year={2015}
}

@article{zaremba2014recurrent,
  title={Recurrent neural network regularization},
  author={Zaremba, Wojciech and Sutskever, Ilya and Vinyals, Oriol},
  journal={arXiv preprint arXiv:1409.2329},
  year={2014}
}

@incollection{arras2019explaining,
  title={Explaining and interpreting LSTMs},
  author={Arras, Leila and Arjona-Medina, Jos{\'e} and Widrich, Michael and Montavon, Gr{\'e}goire and Gillhofer, Michael and M{\"u}ller, Klaus-Robert and Hochreiter, Sepp and Samek, Wojciech},
  booktitle={Explainable ai: Interpreting, explaining and visualizing deep learning},
  pages={211--238},
  year={2019},
  publisher={Springer}
}

@article{samek2021explaining,
  title={Explaining deep neural networks and beyond: A review of methods and applications},
  author={Samek, Wojciech and Montavon, Gr{\'e}goire and Lapuschkin, Sebastian and Anders, Christopher J and M{\"u}ller, Klaus-Robert},
  journal={Proceedings of the IEEE},
  volume={109},
  number={3},
  pages={247--278},
  year={2021},
  publisher={IEEE}
}